@article{Hashemifar_AR19,
  author  = {Hashemifar, Z. S. and Lee, K. and Napp, N. and Dantu, K.}, 
  title   = {Consistent Cuboid Detection for Semantic Mapping},
  journal = {Autonomous Robots},
  year    = {},
  number  = {},
  pages   = {},
  month   = {},
  note    = {To be submitted}, 
  volume  = {},
}

@article{Hashemifar_2019,
  author  = {Hashemifar, Z. S. and Adhivarahan, C. and and Dantu, K.}, 
  title   = {Augmenting Visual SLAM with Wi-Fi Sensing For Indoor Applications},
  journal = {Autonomous Robots},
  year    = {},
  number  = {},
  pages   = {},
  month   = {},
  note    = {Submitted}, 
  volume  = {},
}
@inproceedings{Hashemifar_IROS,
  author  = {Hashemifar, Z. S. and and Dantu, K.}, 
  title   = {Practical Persistence Reasoning in Visual SLAM},
  booktitle={IEEE/RSJ International Conference on Intelligent Robots and Systems},
  year    = {2019},
  pages   = {},
  note    = {Submitted}, 
}
@inproceedings{Hashemifar:2018:GMS:3215525.3215531,
 author = {Hashemifar, Zakieh and Lee, Kyung Won and Napp, Nils and Dantu, Karthik},
 title = {Geometric Mapping for Sustained Indoor Autonomy},
 booktitle = {Proceedings of the 1st International Workshop on Internet of People, Assistive Robots and Things},
 series = {IoPARTS'18},
 year = {2018},
 isbn = {978-1-4503-5843-9},
 location = {Munich, Germany},
 pages = {19--24},
 numpages = {6},
 url = {http://doi.acm.org/10.1145/3215525.3215531},
 doi = {10.1145/3215525.3215531},
 acmid = {3215531},
 publisher = {ACM},
 address = {New York, NY, USA},
} 

@INPROCEEDINGS{7944826, 
author={Z. S. Hashemifar and C. Adhivarahan and K. Dantu}, 
booktitle={2017 16th ACM/IEEE International Conference on Information Processing in Sensor Networks (IPSN)}, 
title={Poster Abstract: Improving RGB-D SLAM Using Wi-Fi}, 
year={2017}, 
volume={}, 
number={}, 
pages={317-318}, 
keywords={control engineering computing;learning (artificial intelligence);path planning;SLAM (robots);wireless LAN;RGB-D SLAM;simultaneous localization and mapping;robot location;autonomous navigation;computational complexity;loop closure detection;robot loses state;kidnapped robot problem;Wi-Fi signal strength sensing;indoor environments;Simultaneous localization and mapping;Wireless fidelity;Indoor environments;Lighting;Feature extraction;Robotics;Perception;SLAM;Mapping;Wi-Fi}, 
doi={}, 
ISSN={}, 
month={April},}
@INPROCEEDINGS{Cuboid_ICSC, 
author={Z. S. Hashemifar and K. W. Lee and N. Napp and K. Dantu}, 
booktitle={2017 IEEE 11th International Conference on Semantic Computing (ICSC)}, 
title={Consistent Cuboid Detection for Semantic Mapping}, 
year={2017}, 
pages={526-531}, 
keywords={SLAM (robots);object recognition;optimisation;SLAM;cuboid detection algorithm;cuboid fitting algorithm;landmark detection;optimization algorithm;semantic mapping;Image color analysis;Image edge detection;Image segmentation;Object recognition;Optimization;Semantics;Simultaneous localization and mapping}, 
doi={10.1109/ICSC.2017.78}, 
month={Jan},}





@INPROCEEDINGS{Mahyar_ICASSP13,
author={Mahyar, H. and Rabiee, H.R. and Hashemifar, Z.S.},
booktitle={Acoustics, Speech and Signal Processing (ICASSP), 2013 IEEE International Conference on},
title={{UCS-NT}: An unbiased compressive sensing framework for Network Tomography},
year={2013},
pages={4534-4538},
keywords={compressed sensing;matrix algebra;network theory (graphs);tomography;UCS-NT;measurement matrix;network inference;network tomography applications;network topological constraints;path measurements;sparse link vectors;sparse recovery;sparse specification;unbiased compressive sensing framework;Compressed sensing;Delays;Monitoring;Peer-to-peer computing;Sparse matrices;Tomography;Vectors;Compressive Sensing;Network Monitoring;Network Tomography;Sparse Recovery},
doi={10.1109/ICASSP.2013.6638518},
ISSN={1520-6149},
month={May},}
@INPROCEEDINGS{Mahyar_CISS13,
author={Mahyar, H. and Rabieey, H.R. and Hashemifar, Z.S. and Siyari, P.},
booktitle={Information Sciences and Systems (CISS), 2013 47th Annual Conference on},
title={{UCS-WN}: An unbiased compressive sensing framework for weighted networks},
year={2013},
pages={1-6},
keywords={compressed sensing;telecommunication network topology;UCS-WN;collective additive measurements;connected paths;k-sparse link vector recovery;measurement matrix;network inference;network topological constraints;nonzero elements;path measurements;unbiased compressive sensing framework;weighted networks;Compressed sensing;Current measurement;Knowledge engineering;Peer-to-peer computing;Sparse matrices;Vectors;Weight measurement},
doi={10.1109/CISS.2013.6624262},
month={March},}




